@article{berger2008variation,
  title={Variation in homeodomain DNA binding revealed by high-resolution analysis of sequence preferences},
  author={Berger, Michael F and Badis, Gwenael and Gehrke, Andrew R and Talukder, Shaheynoor and Philippakis, Anthony A and Pena-Castillo, Lourdes and Alleyne, Trevis M and Mnaimneh, Sanie and Botvinnik, Olga B and Chan, Esther T and others},
  journal={Cell},
  volume={133},
  number={7},
  pages={1266--1276},
  year={2008},
  publisher={Elsevier}
}

@article{wood2012microscale,
  title={MicroSCALE screening reveals genetic modifiers of therapeutic response in melanoma},
  author={Wood, Kris C and Konieczkowski, David J and Johannessen, Cory M and Boehm, Jesse S and Tamayo, Pablo and Botvinnik, Olga B and Mesirov, Jill P and Hahn, William C and Root, David E and Garraway, Levi A and others},
  journal={Science Signaling},
  volume={5},
  number={224},
  pages={rs4},
  year={2012},
  publisher={NIH Public Access}
}

@article{galili2012prediction,
  title={Prediction of response to therapy with ezatiostat in lower risk myelodysplastic syndrome},
  author={Galili, Naomi and Tamayo, Pablo and Botvinnik, Olga B and Mesirov, Jill P and Brooks, Margarita R and Brown, Gail and Raza, Azra},
  journal={Journal of Hematology \& Oncology},
  volume={5},
  number={1},
  pages={1},
  year={2012},
  publisher={BioMed Central}
}

@article{galili2011gene,
  title={Gene Expression Studies May Identify Lower Risk Myelodysplastic Syndrome Patients Likely to Respond to Therapy with Ezatiostat Hydrochloride (TLK199)},
  author={Galili, Naomi and Tamayo, Pablo and Botvinnik, Olga B and Mesirov, Jill P and Zikria, Jennifer and Brown, Gail and Raza, Azra},
  journal={Blood},
  volume={118},
  number={21},
  pages={2779--2779},
  year={2011},
  publisher={American Society of Hematology}
}

@article{kim2016characterizing,
  title={Characterizing genomic alterations in cancer by complementary functional associations},
  author={Kim*, Jong Wook and Botvinnik*, Olga B and Abudayyeh, Omar and Birger, Chet and Rosenbluh, Joseph and Shrestha, Yashaswi and Abazeed, Mohamed E and Hammerman, Peter S and DiCara, Daniel and Konieczkowski, David J and others},
  journal={Nature Biotechnology},
  year={2016},
  publisher={Nature Publishing Group},
  note={* These authors contributed equally to this work}
}

@article{songbotvinnik2016,
  title={Single-cell alternative splicing analysis with \emph{Expedition} reveals splicing dynamics during neuron differentiation},
  author={Song*, Yan and Botvinnik*, Olga B and Lovci, Michael T and Kakaradov, Boyko and Liu, Patrick and Xu, Jia L and Yeo, Gene W},
  year    = "\dontprintyear{3001}In Review",
  note={* These authors contributed equally to this work}
}

