@inproceedings{Botvinnik:2016vr,
author = {Botvinnik, Olga B and Song, Yan and Lovci, Michael T and Kakaradov, Boyko and Liu, Patrick and Xu, Jia L and Yeo, Gene W},
title = {{Single-cell alternative splicing analysis using Expedition reveals splicing dynamics during neuron differentiation}},
booktitle = {RNA Society},
year = {2016},
address = {Kyoto, Japan},
month = jun,
rating = {0},
date-added = {2016-12-14T01:19:09GMT},
date-modified = {2016-12-14T01:22:54GMT},
uri = {\url{papers3://publication/uuid/E69FC54D-4EAA-484A-A175-8D91D4678B5E}}
}

@inproceedings{Botvinnik:2016vr,
author = {Botvinnik, Olga B and Song, Yan and Lovci, Michael T and Kakaradov, Boyko and Liu, Patrick and Jamal, Leen and Yeo, Gene W},
title = {{Novel computational metrics for population-wide differences in alternative splicing in single cells}},
booktitle = {{Stem Cell Genomics California Institute of Regenerative Medicine Retreat}},
year = {2016},
address = {{La Jolla, CA}},
month = apr,
rating = {0}
}

@inproceedings{Botvinnik:2015vr,
author = {Botvinnik, Olga B and Song, Yan and Lovci, Michael T and Kakaradov, Boyko and Liu, Patrick and Jamal, Leen and Yeo, Gene W},
title = {{Single-cell alternative splicing analysis using Expedition reveals splicing dynamics during neuron differentiation}},
booktitle = {{Single Cell Analysis Investigators Meeting}},
year = {2015},
address = {{Bethesda, MD}},
month = apr,
rating = {0}
}


@inproceedings{Botvinnik:2012vr,
author = {Botvinnik, Olga B and Kim, Jonathan and Lee, Wendy and Castro, Paola and Pourmand, Nader},
title = {{Single-cell differential expression pipeline}},
booktitle = {{Intelligent Systems for Molecular Biology (ISMB)}},
year = {2016},
address = {{Long Beach, CA}},
month = jun,
rating = {0},
date-added = {2016-12-14T01:19:09GMT},
date-modified = {2016-12-14T01:22:54GMT},
uri = {\url{papers3://publication/uuid/E69FC54D-4EAA-484A-A175-8D91D4678B5E}}
}

@inproceedings{Botvinnik:2011vr,
author = {Botvinnik, Olga B and Tamayo, Pablo and Mesirov, Jill P},
title = {{Discovery of novel candidate oncogenic activators with REVEALER}},
booktitle = {Intelligent Systems for Molecular Biology (ISMB)},
year = {2016},
address = {Vienna, Austria},
month = jun,
rating = {0}
}
